
@article{swarm_navigation_ctde,
  author  = {Azzam, Rana and Boiko, Igor and Zweiri, Yahya},
  year    = {2023},
  month   = {03},
  pages   = {193},
  title   = {Swarm Cooperative Navigation Using Centralized Training and Decentralized Execution},
  volume  = {7},
  journal = {Drones},
  doi     = {10.3390/drones7030193},
}
@misc{Aim,
  author = {{Africa in Motion (AIM)}},
  title = {Mission},
  year = {2024},
  url = {https://aim.um6p.ma/en/mission/},
  note = {Accessed:2025-07-18},
}
@misc{COMA,
      title={Counterfactual Multi-Agent Policy Gradients}, 
      author={Jakob Foerster and Gregory Farquhar and Triantafyllos Afouras and Nantas Nardelli and Shimon Whiteson},
      year={2024},
      eprint={1705.08926},
      archivePrefix={arXiv},
      primaryClass={cs.AI},
      url={https://arxiv.org/abs/1705.08926}, 
}
@misc{QMIX,
      title={QMIX: Monotonic Value Function Factorisation for Deep Multi-Agent Reinforcement Learning}, 
      author={Tabish Rashid and Mikayel Samvelyan and Christian Schroeder de Witt and Gregory Farquhar and Jakob Foerster and Shimon Whiteson},
      year={2018},
      eprint={1803.11485},
      archivePrefix={arXiv},
      primaryClass={cs.LG},
      url={https://arxiv.org/abs/1803.11485}, 
}
@misc{VDN,
      title={Value-Decomposition Networks For Cooperative Multi-Agent Learning}, 
      author={Peter Sunehag and Guy Lever and Audrunas Gruslys and Wojciech Marian Czarnecki and Vinicius Zambaldi and Max Jaderberg and Marc Lanctot and Nicolas Sonnerat and Joel Z. Leibo and Karl Tuyls and Thore Graepel},
      year={2017},
      eprint={1706.05296},
      archivePrefix={arXiv},
      primaryClass={cs.AI},
      url={https://arxiv.org/abs/1706.05296}, 
}

@misc{ppo_ctde,
      title={The Surprising Effectiveness of PPO in Cooperative, Multi-Agent Games}, 
      author={Chao Yu and Akash Velu and Eugene Vinitsky and Jiaxuan Gao and Yu Wang and Alexandre Bayen and Yi Wu},
      year={2022},
      eprint={2103.01955},
      archivePrefix={arXiv},
      primaryClass={cs.LG},
      url={https://arxiv.org/abs/2103.01955}, 
}
@misc{MADDPG,
      title={Multi-Agent Actor-Critic for Mixed Cooperative-Competitive Environments}, 
      author={Ryan Lowe and Yi Wu and Aviv Tamar and Jean Harb and Pieter Abbeel and Igor Mordatch},
      year={2020},
      eprint={1706.02275},
      archivePrefix={arXiv},
      primaryClass={cs.LG},
      url={https://arxiv.org/abs/1706.02275}, 
}
@article{CTDS,
author = {Zhao, Jian and Hu, Xunhan and Yang, Mingyu and Zhou, Wengang and Zhu, Jiangcheng and Li, Houqiang},
year = {2022},
month = {01},
pages = {1-12},
title = {CTDS: Centralized Teacher With Decentralized Student for Multi-Agent Reinforcement Learning},
volume = {PP},
journal = {IEEE Transactions on Games},
doi = {10.1109/TG.2022.3232390}
}
@book{Sutton1998,
  added-at = {2019-07-13T10:11:53.000+0200},
  author = {Sutton, Richard S. and Barto, Andrew G.},
  biburl = {https://www.bibsonomy.org/bibtex/2f46601cf8b13d39d1378af0d79438b12/lanteunis},
  edition = {Second},
  interhash = {ac6b144aaec1819919a2fba9f705c852},
  intrahash = {f46601cf8b13d39d1378af0d79438b12},
  keywords = {},
  publisher = {The MIT Press},
  timestamp = {2019-07-13T10:11:53.000+0200},
  title = {Reinforcement Learning: An Introduction},
  url = {http://incompleteideas.net/book/the-book-2nd.html},
  year = {2018}
}

@article{Bellman1957,
title = {Dynamic programming and stochastic control processes},
journal = {Information and Control},
volume = {1},
number = {3},
pages = {228-239},
year = {1958},
issn = {0019-9958},
doi = {https://doi.org/10.1016/S0019-9958(58)80003-0},
url = {https://www.sciencedirect.com/science/article/pii/S0019995858800030},
author = {Richard Bellman},
}

@article{Watkins,
  title={Q-learning},
  author={Watkins, Christopher JCH and Dayan, Peter},
  journal={Machine learning},
  volume={8},
  number={3-4},
  pages={279--292},
  year={1992},
  publisher={Springer},
}



@article{adversarial_domain_randomization,
  
  author={Chen, Shutong and Liu, Guanjun and Zhou, Ziyuan and Zhang, Kaiwen and Wang, Jiacun},
  journal={IEEE Transactions on Intelligent Vehicles}, 
  title={Robust Multi-Agent Reinforcement Learning Method Based on Adversarial Domain Randomization for Real-World Dual-UAV Cooperation}, 
  year={2024},
  volume={9},
  number={1},
  pages={1615-1627},
  keywords={Task analysis;Training;Markov processes;Games;Autonomous aerial vehicles;Reinforcement learning;Transportation;Multi-agent reinforcement learning;sim2real transfer;adversarial domain randomization;prioritized experience replay;dual-UAV cooperative transportation},
  doi={10.1109/TIV.2023.3307134}
}

@inproceedings{fuzzy_maddpg,
  title={Fuzzy-maddpg based multi-uav cooperative search in network-limited environments},
  author={Zhao, Linyuan and Gao, Zheng and Hawbani, Ayoub and Zhao, Wenjie and Mao, Chunyuan and Lin, Na},
  booktitle={2024 International Conference on Information and Communication Technologies for Disaster Management (ICT-DM)},
  pages={1--7},
  year={2024}
}

@article{collaborative_decision-making,
  title={Collaborative decision-making method for multi-uav based on multiagent reinforcement learning},
  author={Li, Shuai and Jia, Yu and Yang, Fei and Qin, Qiao and Gao, Hui and Zhou, Ying},
  journal={IEEE Access},
  volume={10},
  pages={91385--91396},
  year={2022}
}

@inproceedings{sequential_transformers_att,
  title={Consistency driven sequential transformers attention model for partially observable scenes},
  author={Rangrej, S B and Srinidhi, C L and Clark, J J},
  booktitle={Proceedings of the IEEE/CVF Conference on Computer Vision and Pattern Recognition (CVPR)},
  pages={2518--2527},
  year={2022}
}

@article{sacha,
  title={SACHA: Soft actor-critic with heuristic-based attention for partially observable multi-agent path finding},
  author={Lin, Qiyuan and Ma, Hongyang},
  journal={IEEE Robotics and Automation Letters},
  volume={8},
  number={8},
  pages={5100--5107},
  year={2023}
}

@inproceedings{info-theoretic_ctde,
  title={Information-theoretic multi-agent algorithm based on the CTDE framework},
  author={Liu, Xiaolong and Jin, Bo},
  booktitle={2024 9th International Conference on Electronic Technology and Information Science (ICETIS)},
  pages={511--516},
  year={2024}
}

@article{mean_policy-based_ppo,
  title={Mean policy-based proximal policy optimization for maneuvering decision in multi-uav air combat},
  author={Zheng, Yiming and Xin, Bin and He, Bo and Ding, Yong},
  journal={Neural Computing and Applications},
  volume={36},
  number={31},
  pages={19667--19690},
  year={2024}
}

@inproceedings{coop_control_based_qmix,
  title={Multiple agents cooperative control based on QMIX algorithm in SC2LE environment},
  author={Fang, Xiaohan and Cui, Peng and Wang, Qiang},
  booktitle={2020 7th International Conference on Information, Cybernetics, and Computational Social Systems (ICCSS)},
  pages={435--439},
  year={2020}
}

@inproceedings{learning_coop_multi-channel_reward,
  title={Learning cooperative multi-agent policies with multi-channel reward curriculum based Q-learning},
  author={Singh, Jasdeep and Zhou, Jie and Beferull-Lozano, Baltasar and Tyapin, Ivan},
  booktitle={IECON 2022--48th Annual Conference of the IEEE Industrial Electronics Society},
  pages={1--6},
  year={2022}
}

@article{ma2cl,
  title={MA2CL: Masked attentive contrastive learning for multi-agent reinforcement learning},
  author={Song, Hao and Feng, Min and Zhou, Wenxuan and Li, Hao},
  journal={arXiv preprint arXiv:2306.02006},
  year={2023}
}

@article{maskma,
  title={MaskMA: Towards zero-shot multi-agent decision making with mask-based collaborative learning},
  author={Liu, Jiawei and Zhang, Yu and Li, Chao and Yang, Chen and Yang, Yi and Liu, Ying and Ouyang, Wanli},
  journal={arXiv preprint arXiv:2310.11846},
  year={2024}
}

@article{ma2rl,
  title={MA2RL: Masked autoencoders for generalizable multi-agent reinforcement learning},
  author={Feng, Jian and Chen, Ming and Pu, Zhiqiang and Xu, Yan and Liang, Yong},
  journal={arXiv preprint arXiv:2502.17046},
  year={2025}
}

@inproceedings{ma2e,
  title={MA$^{2}$E: Addressing partial observability in multi-agent reinforcement learning with masked auto-encoder},
  author={Kang, Seongwoo and Lee, Youngchan and Kim, Geunhyeong and Chong, Song and Yun, Sung-Yoon},
  booktitle={The Thirteenth International Conference on Learning Representations},
  year={2025},
  note={\url{https://openreview.net/forum?id=klpdEThT8q}}
}
@misc{COLA,
      title={Consensus Learning for Cooperative Multi-Agent Reinforcement Learning}, 
      author={Zhiwei Xu and Bin Zhang and Dapeng Li and Zeren Zhang and Guangchong Zhou and Hao Chen and Guoliang Fan},
      year={2022},
      eprint={2206.02583},
      archivePrefix={arXiv},
      primaryClass={cs.MA},
      url={https://arxiv.org/abs/2206.02583}, 
}
@misc{maskedautoencoder,
      title={Masked Autoencoders Are Scalable Vision Learners}, 
      author={Kaiming He and Xinlei Chen and Saining Xie and Yanghao Li and Piotr Doll√°r and Ross Girshick},
      year={2021},
      eprint={2111.06377},
      archivePrefix={arXiv},
      primaryClass={cs.CV},
      url={https://arxiv.org/abs/2111.06377}, 
}
@misc{vit,
      title={An Image is Worth 16x16 Words: Transformers for Image Recognition at Scale}, 
      author={Alexey Dosovitskiy and Lucas Beyer and Alexander Kolesnikov and Dirk Weissenborn and Xiaohua Zhai and Thomas Unterthiner and Mostafa Dehghani and Matthias Minderer and Georg Heigold and Sylvain Gelly and Jakob Uszkoreit and Neil Houlsby},
      year={2021},
      eprint={2010.11929},
      archivePrefix={arXiv},
      primaryClass={cs.CV},
      url={https://arxiv.org/abs/2010.11929}, 
}
@misc{attention_is_all_you_need,
      title={Attention Is All You Need}, 
      author={Ashish Vaswani and Noam Shazeer and Niki Parmar and Jakob Uszkoreit and Llion Jones and Aidan N. Gomez and Lukasz Kaiser and Illia Polosukhin},
      year={2023},
      eprint={1706.03762},
      archivePrefix={arXiv},
      primaryClass={cs.CL},
      url={https://arxiv.org/abs/1706.03762}, 
}
@misc{mae_scalable_generalizable_decision_making,
      title={Masked Autoencoding for Scalable and Generalizable Decision Making}, 
      author={Fangchen Liu and Hao Liu and Aditya Grover and Pieter Abbeel},
      year={2023},
      eprint={2211.12740},
      archivePrefix={arXiv},
      primaryClass={cs.LG},
      url={https://arxiv.org/abs/2211.12740}, 
}
@misc{masked_trajectory_models_prediction_representation_control,
      title={Masked Trajectory Models for Prediction, Representation, and Control}, 
      author={Philipp Wu and Arjun Majumdar and Kevin Stone and Yixin Lin and Igor Mordatch and Pieter Abbeel and Aravind Rajeswaran},
      year={2023},
      eprint={2305.02968},
      archivePrefix={arXiv},
      primaryClass={cs.LG},
      url={https://arxiv.org/abs/2305.02968}, 
}
@misc{masked_world_models_visual_control,
      title={Masked World Models for Visual Control}, 
      author={Younggyo Seo and Danijar Hafner and Hao Liu and Fangchen Liu and Stephen James and Kimin Lee and Pieter Abbeel},
      year={2023},
      eprint={2206.14244},
      archivePrefix={arXiv},
      primaryClass={cs.RO},
      url={https://arxiv.org/abs/2206.14244}, 
}
@misc{beit_bert_pretraining_image_transformers,
      title={BEiT: BERT Pre-Training of Image Transformers}, 
      author={Hangbo Bao and Li Dong and Songhao Piao and Furu Wei},
      year={2022},
      eprint={2106.08254},
      archivePrefix={arXiv},
      primaryClass={cs.CV},
      url={https://arxiv.org/abs/2106.08254}, 
}
@misc{bert_pretraining_deep_bidirectional_transformers_language_understanding,
      title={BERT: Pre-training of Deep Bidirectional Transformers for Language Understanding}, 
      author={Jacob Devlin and Ming-Wei Chang and Kenton Lee and Kristina Toutanova},
      year={2019},
      eprint={1810.04805},
      archivePrefix={arXiv},
      primaryClass={cs.CL},
      url={https://arxiv.org/abs/1810.04805}, 
}
@misc{smac,
      title={The StarCraft Multi-Agent Challenge}, 
      author={Mikayel Samvelyan and Tabish Rashid and Christian Schroeder de Witt and Gregory Farquhar and Nantas Nardelli and Tim G. J. Rudner and Chia-Man Hung and Philip H. S. Torr and Jakob Foerster and Shimon Whiteson},
      year={2019},
      eprint={1902.04043},
      archivePrefix={arXiv},
      primaryClass={cs.LG},
      url={https://arxiv.org/abs/1902.04043}, 
}
@misc{smacv2,
      title={SMACv2: An Improved Benchmark for Cooperative Multi-Agent Reinforcement Learning}, 
      author={Benjamin Ellis and Jonathan Cook and Skander Moalla and Mikayel Samvelyan and Mingfei Sun and Anuj Mahajan and Jakob N. Foerster and Shimon Whiteson},
      year={2023},
      eprint={2212.07489},
      archivePrefix={arXiv},
      primaryClass={cs.LG},
      url={https://arxiv.org/abs/2212.07489}, 
}
@article{ma_deep_rl_challenges_and_applications,
author = {Du, Wei and Ding, Shifei},
year = {2021},
month = {06},
pages = {1-24},
title = {A survey on multi-agent deep reinforcement learning: from the perspective of challenges and applications},
volume = {54},
journal = {Artificial Intelligence Review},
doi = {10.1007/s10462-020-09938-y}
}
@misc{mackrl,
      title={Multi-Agent Common Knowledge Reinforcement Learning}, 
      author={Christian A. Schroeder de Witt and Jakob N. Foerster and Gregory Farquhar and Philip H. S. Torr and Wendelin Boehmer and Shimon Whiteson},
      year={2020},
      eprint={1810.11702},
      archivePrefix={arXiv},
      primaryClass={cs.MA},
      url={https://arxiv.org/abs/1810.11702}, 
}
@inproceedings{Independent_vs_Cooperative_Agents,
  title={Multi-Agent Reinforcement Learning: Independent vs Cooperative Agents},
  author={Tan, Ming},
  booktitle={Proceedings of the Tenth International Conference on Machine Learning (ICML)},
  year={1993}
}

@misc{MADT,
      title={Offline Pre-trained Multi-Agent Decision Transformer: One Big Sequence Model Tackles All SMAC Tasks}, 
      author={Linghui Meng and Muning Wen and Yaodong Yang and Chenyang Le and Xiyun Li and Weinan Zhang and Ying Wen and Haifeng Zhang and Jun Wang and Bo Xu},
      year={2022},
      eprint={2112.02845},
      archivePrefix={arXiv},
      primaryClass={cs.LG},
      url={https://arxiv.org/abs/2112.02845}, 
}
@misc{MAT,
      title={Multi-Agent Reinforcement Learning is a Sequence Modeling Problem}, 
      author={Muning Wen and Jakub Grudzien Kuba and Runji Lin and Weinan Zhang and Ying Wen and Jun Wang and Yaodong Yang},
      year={2022},
      eprint={2205.14953},
      archivePrefix={arXiv},
      primaryClass={cs.MA},
      url={https://arxiv.org/abs/2205.14953}, 
}
@misc{knowledge_common_knowledge_distributed_env,
      title={Knowledge and common knowledge in a distributed environment}, 
      author={Joseph Y. Halpern and Yoram Moses},
      year={2000},
      eprint={cs/0006009},
      archivePrefix={arXiv},
      primaryClass={cs.DC},
      url={https://arxiv.org/abs/cs/0006009}, 
}
@ARTICLE{robot_soccer,
  author={Antonioni, Emanuele and Suriani, Vincenzo and Riccio, Francesco and Nardi, Daniele},
  journal={IEEE Transactions on Games}, 
  title={Game Strategies for Physical Robot Soccer Players: A Survey}, 
  year={2021},
  volume={13},
  number={4},
  pages={342-357},
  keywords={Robots;Robot kinematics;Sports;Games;Robot sensing systems;Hardware;Mobile robots;Robotic competition;soccer robots;strategies in robotic games},
  doi={10.1109/TG.2021.3075065}}

@misc{vae,
      title={Auto-Encoding Variational Bayes}, 
      author={Diederik P Kingma and Max Welling},
      year={2022},
      eprint={1312.6114},
      archivePrefix={arXiv},
      primaryClass={stat.ML},
      url={https://arxiv.org/abs/1312.6114}, 
}
@misc{pymarl2,
      title={Rethinking the Implementation Tricks and Monotonicity Constraint in Cooperative Multi-Agent Reinforcement Learning}, 
      author={Jian Hu and Siyang Jiang and Seth Austin Harding and Haibin Wu and Shih-wei Liao},
      year={2023},
      eprint={2102.03479},
      archivePrefix={arXiv},
      primaryClass={cs.LG},
      url={https://arxiv.org/abs/2102.03479}, 
}
@article{smacv2_review,
author = {Li, Yanyan and Wang, Yijun and Zhou, Yiwei},
year = {2024},
month = {01},
pages = {1-1},
title = {Multiagent Deep Reinforcement Learning Algorithms in StarCraft II: A Review},
volume = {PP},
journal = {IEEE Access},
doi = {10.1109/ACCESS.2024.3497322}
}